% !TeX encoding = Windows-1251



@ARTICLE{Porev2002,
  author={Порев, В Н},
  title={Компьютерная графика},
  journal={СПб.: БХВ-Петербург},
  year={2002},
  volume={432},
  language={russian},
  pages={429},
}

@ARTICLE{Balykina2008,
  author={Балыкина, Е Н and Попова, Е Э and Бузун, Д Н},
  title={Основы информатики и информационные технологии},
  journal={Минск: БГУ},
  year={2008},
  language={russian},
  pages={96},
}

@ARTICLE{Boreskov2017,
  title={Компьютерная графика},
  author={Боресков, Алексей Викторович and Шикин, Евгений Викторович},
  year={2017},
  publisher={Общество с ограниченной ответственностью Издательство ЮРАЙТ}
}


@ARTICLE{Peremitina2012,
  title={Компьютерная графика},
  author={Перемитина, Татьяна Олеговна},
  year={2012},
  publisher={федеральное государственное бюджетное образовательное учреждение высшего~…}
}


@BOOK{Vasiliev2005,
  title={Компьютерная графика [Электронный ресурс]},
  note={URL:~\url{http://optic.cs.nstu.ru/files/CC/CompGraph/Lit/Vasilev.pdf} (Дата обращения 12.05.2023). Загл. с экр. Яз. рус.},
}


@BOOK{Cornell,
  title={What is Computer Graphics? [Электронный ресурс]},
  note={URL:~\url{https://www.graphics.cornell.edu/about/what-computer-graphics} (Дата обращения 13.05.2023). Загл. с экр. Яз. англ.},
}

@BOOK{GeekBrains,
  title={Виды компьютерной графики и их особенности [Электронный ресурс]},
  note={URL:~\url{https://gb.ru/blog/vidy-kompjuternoj-grafiki/} (Дата обращения 13.05.2023). Загл. с экр. Яз. рус.},
}

@BOOK{PostScience,
  title={Глубокие нейронные сети: пути применения [Электронный ресурс]},
  note={URL:~\url{https://postnauka.ru/longreads/155983} (Дата обращения 14.05.2023). Загл. с экр. Яз. рус.},
}

@BOOK{VegaIT,
  title={What Is Stable Diffusion and How Does It Work? [Электронный ресурс]},
  note={URL:~\url{https://www.vegaitglobal.com/media-center/knowledge-base/what-is-stable-diffusion-and-how-does-it-work} (Дата обращения 14.05.2023). Загл. с экр. Яз. англ.},
}

@BOOK{TechTarget,
  title={Dall-E [Электронный ресурс]},
  note={URL:~\url{https://www.techtarget.com/searchenterpriseai/definition/Dall-E} (Дата обращения 14.05.2023). Загл. с экр. Яз. англ.},
}


@BOOK{BBC,
  title={Midjourney: The gothic AI image generator challenging the art industry [Электронный ресурс]},
  note={URL:~\url{https://www.sciencefocus.com/future-technology/midjourney/} (Дата обращения 14.05.2023). Загл. с экр. Яз. англ.},
}










@INCOLLECTION{InP,
  title        = {{InP Basic Parameters at 300 K} [{Э}лектронный ресурс]},
  booktitle    = {Electronic archive New Semiconductor Materials. Characteristics and Properties},
  organization = {Ioffe Physico-Technical Institute},
  address      = {St. Petersburg},
  year         = {2001},
  note         = {URL:~{http://www.ioffe.rssi.ru/SVA/NSM/Semicond/InP/basic.html}\ (Дата обращения 01.11.2009). Загл. с экр. Яз. англ.}
}

@PHDTHESIS{Mishchenko_1996,
  author   = {Е. Ж. Мищенко},
  title    = {Неупругое рассеяние света в системе взаимодействующих электронов и фононов},
  school   = {ИТФ им. Л.~Д.~Ландау},
  year     = {1996},
  language = {russian},
}

@DOCDISSER{Skvortsov_2008,
  author   = {М. А. Скворцов},
  title    = {Флуктуационные и интерференционные эффекты в мезоскопических системах},
  school   = {ИТФ им. Л.~Д.~Ландау},
  year     = {2008},
  language = {russian},
}

% old-style arXiv reference
@ARTICLE{Perelman_2003_math:0307245,
  author = {Grisha Perelman},
  title  = {Finite extinction time for the solutions to the Ricci flow on certain three-manifolds},
  eprint = {math/0307245},
}

% new-style arXiv reference
@ARTICLE{Nielsen_2010_1006.2735,
  title         = {A configuration interaction analysis of exchange in double quantum dots},
  author        = {Erik Nielsen and Richard P. Muller},
  archivePrefix = {arXiv},
  eprint        = {1006.2735},
  primaryClass  = {cond-mat},
}

@BOOK{matrix_87,
  author    = {Эстербю, О. and Златев, З.},
  title     = {Прямые методы для разреженных матиц},
  publisher = {Мир},
  address   = {М.},
  year      = {1987},
  language  = {russian},
}
